[1] Rev Blog, "5 Benefits of Using Transcription in Academic Research," 2019.[Online]. Tillgänglig: https://www.rev.com/blog/transcription-blog/benefits-of-transcription-in-academic-research. (hämtad: 2024-03-16).
[2] Oxford Academic, "First step in qualitative data analysis: transcribing," n.d. [Online]. Tillgänglig: https://academic.oup.com/fampra/article/25/2/127/497632?login=false. (hämtad: 2024-03-16).
[3] Happy Scribe, "How To Do Video Transcription in Academic Research," n.d. [Online]. Tillgänglig: https://www.happyscribe.com/blog/en/how-to-do-video-transcription-in-academic-research. (hämtad: 2024-03-16).